<?xml version="1.0" encoding="UTF-8"?><record xmlns="http://www.loc.gov/MARC21/slim" xmlns:cinclude="http://apache.org/cocoon/include/1.0" xmlns:zs="http://www.loc.gov/zing/srw/">
  <leader>00487nz  a2200157n  4500</leader>
  <controlfield tag="001">nb2006003666</controlfield>
  <controlfield tag="003">DLC</controlfield>
  <controlfield tag="005">20060214051538.0</controlfield>
  <controlfield tag="008">060213n| acannaabn          |a aaa      </controlfield>
  <datafield tag="010" ind1=" " ind2=" ">
    <subfield code="a">nb2006003666</subfield>
  </datafield>
  <datafield tag="035" ind1=" " ind2=" ">
    <subfield code="a">(Uk)006399790</subfield>
  </datafield>
  <datafield tag="040" ind1=" " ind2=" ">
    <subfield code="a">Uk</subfield>
    <subfield code="b">eng</subfield>
    <subfield code="c">Uk</subfield>
  </datafield>
  <datafield tag="100" ind1="1" ind2=" ">
    <subfield code="a">Mattsson Barsk, Marita,</subfield>
    <subfield code="d">1950-</subfield>
  </datafield>
  <datafield tag="400" ind1="1" ind2=" ">
    <subfield code="a">Barsk, Marita Mattsson,</subfield>
    <subfield code="d">1950-</subfield>
  </datafield>
  <datafield tag="670" ind1=" " ind2=" ">
    <subfield code="a">Ragnar Lassinantti, 2005:</subfield>
    <subfield code="b">t.p. (Marita Mattsson Barsk)</subfield>
  </datafield>
  <datafield tag="670" ind1=" " ind2=" ">
    <subfield code="a">LIBRIS database, 13 Feb. 2006</subfield>
    <subfield code="b">(hdg.: Mattsson Barsk, Marita, 1950-)</subfield>
  </datafield>
</record>